@book{CR2005,
  title={ Le choix bayésien: Principes et pratique},
  author={Robert, Christian P.},
  year={2005},
  publisher={Springer Science \& Business Media}
}

@book{BC2007,
  title={Bayesian Core: A Practical Approach to Computational Bayesian Statistics},
  author={ Marin, Jean-Michel and P. Robert, Christian},
  year={2007},
  publisher={Springer Science+Business Media, LLC}
  }

@inproceedings{Neal1995BayesianLF,
  title={Bayesian Learning for Neural Networks},
  author={Neal, Radford M.},
  year={1995},
  url={https://api.semanticscholar.org/CorpusID:60809283}
}
@misc{kamary2018testing,
      title={Testing hypotheses via a mixture estimation model}, 
      author={Kaniav Kamary and Kerrie Mengersen and Christian P. Robert and Judith Rousseau},
      year={2018},
      eprint={1412.2044},
      archivePrefix={arXiv},
      primaryClass={stat.ME}
}

@misc{he2015deep,
      title={Deep Residual Learning for Image Recognition}, 
      author={Kaiming He and Xiangyu Zhang and Shaoqing Ren and Jian Sun},
      year={2015},
      eprint={1512.03385},
      archivePrefix={arXiv},
      primaryClass={cs.CV}
}

@misc{goodfellow2014generative,
      title={Generative Adversarial Networks}, 
      author={Ian J. Goodfellow and Jean Pouget-Abadie and Mehdi Mirza and Bing Xu and David Warde-Farley and Sherjil Ozair and Aaron Courville and Yoshua Bengio},
      year={2014},
      eprint={1406.2661},
      archivePrefix={arXiv},
      primaryClass={stat.ML}
}

@misc{vaswani2023attention,
      title={Attention Is All You Need}, 
      author={Ashish Vaswani and Noam Shazeer and Niki Parmar and Jakob Uszkoreit and Llion Jones and Aidan N. Gomez and Lukasz Kaiser and Illia Polosukhin},
      year={2023},
      eprint={1706.03762},
      archivePrefix={arXiv},
      primaryClass={cs.CL}
}

@misc{kipf2017semisupervised,
      title={Semi-Supervised Classification with Graph Convolutional Networks}, 
      author={Thomas N. Kipf and Max Welling},
      year={2017},
      eprint={1609.02907},
      archivePrefix={arXiv},
      primaryClass={cs.LG}
}

@misc{MDVIS2005,
  title = {Website of the R Dataset "mdvis" from package "COUNT"},
  howpublished = {\url{https://pmagunia.com/dataset/r-dataset-package-count-mdvis}}
}

@inproceedings{Neal1992BayesianTO,
  title={Bayesian training of backpropagation networks by the hybrid Monte-Carlo method},
  author={Radford M. Neal},
  year={1992},
  url={https://api.semanticscholar.org/CorpusID:15366323}
}

@misc{hernándezlobato2015probabilistic,
      title={Probabilistic Backpropagation for Scalable Learning of Bayesian Neural Networks}, 
      author={José Miguel Hernández-Lobato and Ryan P. Adams},
      year={2015},
      eprint={1502.05336},
      archivePrefix={arXiv},
      primaryClass={stat.ML}
}

